@BOOK{Rum12,
  title = {{Agile Modellierung mit UML : Codegenerierung, Testf{\"a}lle, Refactoring}},
  publisher = {Springer},
  year = {2012},
  author = {Bernhard Rumpe},
  volume = {2nd Edition},
  keywords = {UML, Codegeneration, ModelBasedTesting, Refactoring, SSE}
}

@BOOK{Rum11,
  title = {{Modellierung mit UML}},
  publisher = {Springer},
  year = {2011},
  author = {Bernhard Rumpe},
  volume = {2nd Edition},
  keywords = {UML, SSE}
}

@MISC{SE10,
  title = {{Software Engineering website {\tt http://www.se-rwth.de/}}},
  year = {2010},
  month = {june},
  date = {2010-06-29},
  key = {www},
  mylabel = {www},
  timestamp = {2010.06.29}
}

@MISC{Mon10,
  title = {{MontiCore website {\tt http://monticore.org/}}},
  year = {2010},
  month = {june},
  date = {2010-06-29},
  key = {www},
  mylabel = {www},
  timestamp = {2010.06.29}
}


@Article{Chavez_Garcia_2016,
  author    = {Ricardo Omar Chavez-Garcia and Olivier Aycard},
  title     = {Multiple Sensor Fusion and Classification for Moving Object Detection and Tracking},
  journal   = {{IEEE} Transactions on Intelligent Transportation Systems},
  year      = {2016},
  volume    = {17},
  number    = {2},
  month     = {Feb},
  pages     = {525-534},
  issn      = {1524-9050},
  doi       = {10.1109/tits.2015.2479925},
  url       = {https://doi.org/10.1109%2Ftits.2015.2479925},
  file      = {:Chavez_multiple_sensor.pdf:PDF},
  keywords  = {image classification;image fusion;image motion analysis;image representation;image sensors;inference mechanisms;object detection;object tracking;road traffic;traffic engineering computing;LIDAR sensor;advanced driver assistance systems;bike;camera sensor;car;class information;composite representation;evidential framework;interactIVe IP European project;moving object detection;moving object tracking;multiple sensor classification;multiple sensor fusion;object perception process;object representation process;pedestrian;perceived model;perception fusion architecture;radar sensor;truck;uncertainty management;Cameras;Laser radar;Object detection;Radar tracking;Simultaneous localization and mapping;Vehicles;Intelligent vehicles;classification algorithms;sensor fusion;vehicle detection;vehicle safety},
  publisher = {Institute of Electrical and Electronics Engineers ({IEEE})},
}

@InProceedings{Cho_2014,
  author    = {Hyunggi Cho and Young-Woo Seo and B.V.K. Vijaya Kumar and Ragunathan Raj Rajkumar},
  title     = {A multi-sensor fusion system for moving object detection and tracking in urban driving environments},
  booktitle = {2014 {IEEE} International Conference on Robotics and Automation ({ICRA})},
  year      = {2014},
  publisher = {{IEEE}},
  month     = {may},
  pages     = {1836-1843},
  doi       = {10.1109/icra.2014.6907100},
  url       = {https://doi.org/10.1109%2Ficra.2014.6907100},
  file      = {:Cho_multi_sensor.pdf:PDF},
  issn      = {1050-4729},
  keywords  = {automobiles;feature selection;image classification;image fusion;mobile robots;object detection;object recognition;object tracking;DARPA Urban Challenge;autonomous car;data association;movement classification;moving object detection;moving object tracking;multisensor fusion system;tracking model selection;urban driving environments;vision sensor;visual recognition information;Cameras;Laser radar;Radar tracking;Sensor phenomena and characterization;Vehicles},
}

@InProceedings{Kunz_2015,
  author    = {Felix Kunz and Dominik Nuss and Jurgen Wiest and Hendrik Deusch and Stephan Reuter and Franz Gritschneder and Alexander Scheel and Manuel Stubler and Martin Bach and Patrick Hatzelmann and Cornelius Wild and Klaus Dietmayer},
  title     = {Autonomous driving at Ulm University: A modular, robust, and sensor-independent fusion approach},
  booktitle = {2015 {IEEE} Intelligent Vehicles Symposium ({IV})},
  year      = {2015},
  publisher = {{IEEE}},
  month     = {jun},
  doi       = {10.1109/ivs.2015.7225761},
  url       = {https://doi.org/10.1109%2Fivs.2015.7225761},
  file      = {:Kunz_Sensor_Independent_Fusion.pdf:PDF},
}

@TechReport{Wilfried2002,
  author        = {Wilfried, E},
  title         = {An introduction to sensor fusion},
  institution   = {Research Report 47/2001},
  year          = {2002},
  __markedentry = {[Shahriar:6]},
  file          = {:elmenreich_introduction.pdf:PDF},
}

@InProceedings{Newcombe_2011,
  author    = {Richard A. Newcombe and Andrew J. Davison and Shahram Izadi and Pushmeet Kohli and Otmar Hilliges and Jamie Shotton and David Molyneaux and Steve Hodges and David Kim and Andrew Fitzgibbon},
  title     = {{KinectFusion}: Real-time dense surface mapping and tracking},
  booktitle = {2011 10th {IEEE} International Symposium on Mixed and Augmented Reality},
  year      = {2011},
  month     = {oct},
  publisher = {{IEEE}},
  doi       = {10.1109/ismar.2011.6092378},
  file      = {:Hilliges_kinect_fusion.pdf:PDF},
}

@InProceedings{Shinzato_2014,
  author    = {Patrick Y. Shinzato and Denis F. Wolf and Christoph Stiller},
  title     = {Road terrain detection: Avoiding common obstacle detection assumptions using sensor fusion},
  booktitle = {2014 {IEEE} Intelligent Vehicles Symposium Proceedings},
  year      = {2014},
  publisher = {{IEEE}},
  month     = {jun},
  doi       = {10.1109/ivs.2014.6856454},
  file      = {:Shinzato_road_terrain.pdf:PDF},
}

@book{Hall:2004:MTM:1204261,
 author = {Hall, David L. and McMullen, Sonya A. H.},
 title = {Mathematical Techniques in Multisensor Data Fusion (Artech House Information Warfare Library)},
 year = {2004},
 isbn = {1580533353},
 publisher = {Artech House, Inc.},
 address = {Norwood, MA, USA},
} 

@ARTICLE{Bailey:1638022, 
author={H. Durrant-Whyte and T. Bailey}, 
journal={IEEE Robotics Automation Magazine}, 
title={Simultaneous localization and mapping: part I}, 
year={2006}, 
volume={13}, 
number={2}, 
pages={99-110}, 
keywords={mobile robots;path planning;SLAM problem;mobile robots;simultaneous localization and mapping problem;Artificial intelligence;Bayesian methods;Buildings;History;Mobile robots;Navigation;Particle filters;Robotics and automation;Simultaneous localization and mapping;Vehicles}, 
doi={10.1109/MRA.2006.1638022}, 
ISSN={1070-9932}, 
month={June},}

@Inbook{Thrun2008,
author="Thrun, Sebastian
and Leonard, John J.",
editor="Siciliano, Bruno
and Khatib, Oussama",
title="Simultaneous Localization and Mapping",
bookTitle="Springer Handbook of Robotics",
year="2008",
publisher="Springer Berlin Heidelberg",
address="Berlin, Heidelberg",
pages="871--889",
isbn="978-3-540-30301-5",
doi="10.1007/978-3-540-30301-5_38",
url="http://dx.doi.org/10.1007/978-3-540-30301-5_38"
}

@INPROCEEDINGS{Azim:6232303, 
author={A. Azim and O. Aycard}, 
booktitle={2012 IEEE Intelligent Vehicles Symposium}, 
title={Detection, classification and tracking of moving objects in a 3D environment}, 
year={2012}, 
pages={802-807}, 
keywords={SLAM (robots);data acquisition;distance measurement;image classification;image representation;object detection;object tracking;octrees;optical radar;3D dynamic environment;3D range sensor;3D representation;GNN technique;SLAM;Velodyne HDL-64E LIDAR sensor;data acquisition;global nearest neighbor;moving object classification;moving object detection;moving object tracking;octree based occupancy grid representation;simultaneous localization and mapping;vehicle;Noise;Octrees;Simultaneous localization and mapping;Tracking;Vehicle dynamics;Vehicles}, 
doi={10.1109/IVS.2012.6232303}, 
ISSN={1931-0587}, 
month={June},}


@inproceedings{vu2008mapping,
  title={Mapping of environment, detection and tracking of moving objects using occupancy grids},
  author={Vu, T and Burlet, Julien and Aycard, Olivier},
  booktitle={Intelligent Vehicles Symposium},
  pages={684--689},
  year={2008}
}